@misc{nve,
author = {NVE},
title = {Veileder til sikkerhet i avanserte måle- og styringssystem},
howpublished = {\url{http://webby.nve.no/publikasjoner/veileder/2012/veileder2012_07.pdf}},
month = {},
year = {2012},
note = {(Accessed on 11/04/2016)}
}

@misc{lovdata,
author = {Olje- og energidepartementet},
title = {Forskrift om måling, avregning, fakturering av nettjenester og elektrisk energi, nettselskapets nøytralitet mv - Lovdata},
howpublished = {\url{https://lovdata.no/dokument/SF/forskrift/1999-03-11-301}},
month = {},
year = {2016},
note = {(Accessed on 11/04/2016)}
}

@misc{dutch1,
author = {Netbeheer Nederland},
title = {Privacy and Security of the Advanced Metering Infrastructure},
howpublished = {\url{http://hes-standards.org/doc/SC25_WG1_N1538.pdf}},
month = {},
year = {2010},
note = {(Accessed on 11/04/2016)}
}

@misc{dutch2,
author = {NEN},
title = {Dutch Smart Meter Requirements v2.2},
howpublished = {\url{https://goo.gl/RX26gP}},
month = {},
year = {2008},
note = {(Accessed on 11/04/2016)}
}

@misc{uk1,
author = {CESG},
title = {CPA Security Characteristics - Electricity Smart Metering Equipment},
howpublished = {\url{https://goo.gl/lnm2l1}},
month = {},
year = {2016},
note = {(Accessed on 11/04/2016)}
}

@misc{uk2,
author = {SMIP},
title = {Smart Metering Industry’s Draft Technical Specifications},
howpublished = {\url{https://www.gov.uk/government/uploads/system/uploads/attachment_data/file/48149/2393-smart-metering-industrys-draft-tech.pdf}},
month = {},
year = {2011},
note = {(Accessed on 11/04/2016)}
}

@misc{us1,
author = {EPA},
title = {Summary of the Energy Independence and Security Act | Laws \& Regulations | US EPA},
howpublished = {\url{https://www.epa.gov/laws-regulations/summary-energy-independence-and-security-act}},
month = {},
year = {2007},
note = {(Accessed on 11/04/2016)}
}

@misc{us2,
author = {WhiteHouse},
title = {About the Recovery Act | The White House},
howpublished = {\url{https://www.whitehouse.gov/recovery/about}},
month = {},
year = {2009},
note = {(Accessed on 11/04/2016)}
}

@misc{us3,
author = {NIST},
title = {Guidelines for Smart Grid Cybersecurity},
howpublished = {\url{http://nvlpubs.nist.gov/nistpubs/ir/2014/NIST.IR.7628r1.pdf}},
month = {},
year = {2014},
note = {(Accessed on 11/04/2016)}
}








@conference{Ful83,
   author = "William Fulton",
    title = "Introduction to intersection theory in algebraic geometry",
booktitle = "Regional Conference Series in Mathematics",
   number = 54,
     year = 1983}
     
@inproceedings{GMP81,
   author = "Mark Goresky and Robert MacPherson",
    title = "On the topology of complex algebraic maps",
booktitle = "Algebraic Geometry Proceedings, La R\'abida,
             Lecture Notes in Mathematics",
   number = 961,
     year = 1981}    
     
@phdthesis{Pat85,
  author = "V. Pati",
   title = "What is the title??",
  school = "Princeton",
    year = 1985}
         
@unpublished{PP98,
  author = "Adam Parusi\'nski and Piotr Pragacz",
   title = "Characteristic classes of hypersurfaces and characteristic cycles",
    note = "preprint",
   month = "January",
    year = 1998}

@article{TM83,
  author = "L\^e D{\~u}ng Trang and Zoghman Mebkhout",
   title = "Vari\'et\'es caract\'er\-istiques et vari\'et\'es polaires",
 journal = "C. R. Acad. Sc. Paris",
  volume = 296,
    year = 1983,
   pages = "129--132"}
   