@article{shrivastava2010distributed,
  title={Distributed agile software development: A review},
  author={Shrivastava, Suprika Vasudeva and others},
  journal={arXiv preprint arXiv:1006.1955},
  year={2010}
}

@article{layman2006essential,
  title={Essential communication practices for Extreme Programming in a global software development team},
  author={Layman, Lucas and Williams, Laurie and Damian, Daniela and Bures, Hynek},
  journal={Information and software technology},
  volume={48},
  number={9},
  pages={781--794},
  year={2006},
  publisher={Elsevier}
}

@article{sahay2003global,
  title={Global software alliances: the challenge of'standardization'},
  author={Sahay, Sundeep},
  journal={Scandinavian Journal of Information Systems},
  volume={15},
  number={1},
  pages={11},
  year={2003},
  publisher={IRIS Association}
}

@article{carmel2001tactical,
  title={Tactical approaches for alleviating distance in global software development},
  author={Carmel, Erran and Agarwal, Ritu},
  journal={IEEE software},
  volume={18},
  number={2},
  pages={22--29},
  year={2001},
  publisher={IEEE}
}

@inproceedings{french1998study,
  title={A study of communication and cooperation in distributed software project teams},
  author={French, Andy and Layzell, Paul},
  booktitle={Software maintenance, 1998. proceedings., international conference on},
  pages={146--154},
  year={1998},
  organization={IEEE}
}

@article{herbsleb2003empirical,
  title={An empirical study of speed and communication in globally distributed software development},
  author={Herbsleb, James D. and Mockus, Audris},
  journal={IEEE Transactions on software engineering},
  volume={29},
  number={6},
  pages={481--494},
  year={2003},
  publisher={IEEE}
}

@book{colomo2014agile,
  title={Agile Estimation Techniques and Innovative Approaches to Software Process Improvement},
  author={Colomo-Palacios, Ricardo},
  year={2014},
  publisher={IGI Global}
}

@article{damian2003global,
  title={Global software development: growing opportunities, ongoing challenges},
  author={Damian, Daniela},
  journal={Software Process: Improvement and Practice},
  volume={8},
  number={4},
  pages={179--182},
  year={2003},
  publisher={Wiley Online Library}
}

@article{herbsleb2001global,
  title={Global software development},
  author={Herbsleb, James D and Moitra, Deependra},
  journal={IEEE software},
  volume={18},
  number={2},
  pages={16--20},
  year={2001},
  publisher={IEEE}
}

@inproceedings{grinter1998recomposition,
  title={Recomposition: putting it all back together again},
  author={Grinter, Rebecca E},
  booktitle={Proceedings of the 1998 ACM conference on Computer supported cooperative work},
  pages={393--402},
  year={1998},
  organization={ACM}
}

@article{kraut1995coordination,
  title={Coordination in software development},
  author={Kraut, Robert E and Streeter, Lynn A},
  journal={Communications of the ACM},
  volume={38},
  number={3},
  pages={69--82},
  year={1995},
  publisher={Association for Computing Machinery, Inc.}
}

@article{holmstrom2006agile,
  title={Agile practices reduce distance in global software development},
  author={Holmstr{\"o}m, Helena and Fitzgerald, Brian and {\AA}gerfalk, P{\"a}r J and Conch{\'u}ir, Eoin {\'O}},
  journal={Information systems management},
  volume={23},
  number={3},
  pages={7--18},
  year={2006},
  publisher={Taylor \& Francis}
}

@article{kommeren2007philips,
  title={Philips experiences in global distributed software development},
  author={Kommeren, Rob and Parviainen, P{\"a}ivi},
  journal={Empirical Software Engineering},
  volume={12},
  number={6},
  pages={647--660},
  year={2007},
  publisher={Springer}
}

@inproceedings{casey2008impact,
  title={The impact of fear on the operation of virtual teams},
  author={Casey, Valentine and Richardson, Ita},
  booktitle={Global Software Engineering, 2008. ICGSE 2008. IEEE International Conference on},
  pages={163--172},
  year={2008},
  organization={IEEE}
}

@inproceedings{cataldo2007coordination,
  title={On coordination mechanisms in global software development},
  author={Cataldo, Marcelo and Bass, Matthew and Herbsleb, James D and Bass, Len},
  booktitle={Global Software Engineering, 2007. ICGSE 2007. Second IEEE International Conference on},
  pages={71--80},
  year={2007},
  organization={IEEE}
}

@inproceedings{conchuir2006exploring,
  title={Exploring the assumed benefits of global software development},
  author={Conch{\'u}ir, Eoin {\'O} and Holmstrom, Helena and Agerfalk, J and Fitzgerald, Brian},
  booktitle={Global Software Engineering, 2006. ICGSE'06. International Conference on},
  pages={159--168},
  year={2006},
  organization={IEEE}
}

@inproceedings{holmstrom2006global,
  title={Global software development challenges: A case study on temporal, geographical and socio-cultural distance},
  author={Holmstrom, Helena and Conch{\'u}ir, Eoin {\'O} and Agerfalk, J and Fitzgerald, Brian},
  booktitle={Global Software Engineering, 2006. ICGSE'06. International Conference on},
  pages={3--11},
  year={2006},
  organization={IEEE}
}

@article{dumitriu2006issues,
  title={Issues of communication and cooperation in offshore software development},
  author={Dumitriu, Florin and Mesnita, Gabriela},
  year={2006}
}