@misc{Nyrud2017BizDevDevelopment,
    title = {{BizDev Teams in Agile Software Development}},
    year = {2017},
    author = {Nyrud, Helga},
    publisher = {UNIVERSITY OF OSLO},
    institution = {UNIVERSITY OF OSLO}
}